@misc{gupta2024comprehensivestudysentimentanalysis,
      title={Comprehensive Study on Sentiment Analysis: From Rule-based to modern LLM based system}, 
      author={Shailja Gupta and Rajesh Ranjan and Surya Narayan Singh},
      year={2024},
      eprint={2409.09989},
      archivePrefix={arXiv},
      primaryClass={cs.CL},
      url={https://arxiv.org/abs/2409.09989}, 
}

@misc{devlin2019bert,
      title={BERT: Pre-training of Deep Bidirectional Transformers for Language Understanding}, 
      author={Jacob Devlin and Ming-Wei Chang and Kenton Lee and Kristina Toutanova},
      year={2019},
      eprint={1810.04805},
      archivePrefix={arXiv},
      primaryClass={cs.CL},
      url={https://arxiv.org/abs/1810.04805}, 
}

@misc{staudemeyer2019understandinglstmtutorial,
      title={Understanding LSTM -- a tutorial into Long Short-Term Memory Recurrent Neural Networks}, 
      author={Ralf C. Staudemeyer and Eric Rothstein Morris},
      year={2019},
      eprint={1909.09586},
      archivePrefix={arXiv},
      primaryClass={cs.NE},
      url={https://arxiv.org/abs/1909.09586}, 
}

@misc{liu2019robertarobustlyoptimizedbert,
      title={RoBERTa: A Robustly Optimized BERT Pretraining Approach}, 
      author={Yinhan Liu and Myle Ott and Naman Goyal and Jingfei Du and Mandar Joshi and Danqi Chen and Omer Levy and Mike Lewis and Luke Zettlemoyer and Veselin Stoyanov},
      year={2019},
      eprint={1907.11692},
      archivePrefix={arXiv},
      primaryClass={cs.CL},
      url={https://arxiv.org/abs/1907.11692}, 
}

@misc{hochreiter1997long,
      title={Long short-term memory},
      author={Hochreiter, Sepp and Schmidhuber, J{\"u}rgen},
      journal={Neural computation},
      volume={9},
      number={8},
      pages={1735--1780},
      year={1997},
      publisher={MIT press}
}

@misc{cho2014learning,
      title={On the Properties of Neural Machine Translation: Encoder-Decoder Approaches}, 
      author={Kyunghyun Cho and Bart van Merrienboer and Dzmitry Bahdanau and Yoshua Bengio},
      year={2014},
      eprint={1409.1259},
      archivePrefix={arXiv},
      primaryClass={cs.CL},
      url={https://arxiv.org/abs/1409.1259}, 
}

@misc{Cahuantzi_2023,
      title={A Comparison of LSTM and GRU Networks for Learning Symbolic Sequences},
      ISBN={9783031379635},
      ISSN={2367-3389},
      url={http://dx.doi.org/10.1007/978-3-031-37963-5_53},
      DOI={10.1007/978-3-031-37963-5_53},
      booktitle={Intelligent Computing},
      publisher={Springer Nature Switzerland},
      author={Cahuantzi, Roberto and Chen, Xinye and Güttel, Stefan},
      year={2023},
      pages={771–785} 
}

@misc{vaswani2023attentionneed,
      title={Attention Is All You Need}, 
      author={Ashish Vaswani and Noam Shazeer and Niki Parmar and Jakob Uszkoreit and Llion Jones and Aidan N. Gomez and Lukasz Kaiser and Illia Polosukhin},
      year={2023},
      eprint={1706.03762},
      archivePrefix={arXiv},
      primaryClass={cs.CL},
      url={https://arxiv.org/abs/1706.03762}, 
}

@article{wen2023sentiment,
      title={Sentiment analysis of hotel online reviews using the BERT model and ERNIE model—Data from China},
      author={Wen, Yu and Liang, Yezhang and Zhu, Xinhua},
      journal={Plos one},
      volume={18},
      number={3},
      pages={e0275382},
      year={2023},
      publisher={Public Library of Science San Francisco, CA USA}
}

@misc{zhang2019ernieenhancedlanguagerepresentation,
      title={ERNIE: Enhanced Language Representation with Informative Entities}, 
      author={Zhengyan Zhang and Xu Han and Zhiyuan Liu and Xin Jiang and Maosong Sun and Qun Liu},
      year={2019},
      eprint={1905.07129},
      archivePrefix={arXiv},
      primaryClass={cs.CL},
      url={https://arxiv.org/abs/1905.07129}, 
}

@misc{kingma2017adam,
      title={Adam: A Method for Stochastic Optimization}, 
      author={Diederik P. Kingma and Jimmy Ba},
      year={2017},
      eprint={1412.6980},
      archivePrefix={arXiv},
      primaryClass={cs.LG},
      url={https://arxiv.org/abs/1412.6980}, 
}

@misc{loshchilov2019decoupledweightdecayregularization,
      title={Decoupled Weight Decay Regularization}, 
      author={Ilya Loshchilov and Frank Hutter},
      year={2019},
      eprint={1711.05101},
      archivePrefix={arXiv},
      primaryClass={cs.LG},
      url={https://arxiv.org/abs/1711.05101}, 
}

@misc{kalra2024warmuplearningrateunderlying,
      title={Why Warmup the Learning Rate? Underlying Mechanisms and Improvements}, 
      author={Dayal Singh Kalra and Maissam Barkeshli},
      year={2024},
      eprint={2406.09405},
      archivePrefix={arXiv},
      primaryClass={cs.LG},
      url={https://arxiv.org/abs/2406.09405}, 
}